
@online{stylerbc,
    title = {Секонд-хенды: выгодно, экологично и безопасно},
    url  = {https://style.rbc.ru/health/5dcbbde39a794734286061f4},
    keywords = {second-hand}
}

@online{greenpeace,
    title = {Fast fashion is “drowning” the world. We need a Fashion Revolution!},
    url  = {https://www.greenpeace.org/international/story/7539/fast-fashion-is-drowning-the-world-we-need-a-fashion-revolution/},
    keywords = {fast-fashion}
}
@online{postgre,
    title = {All about PostgreSQL},
    url  = {https://www.postgresql.org/about/},
    keywords = {postgresql}
}
@book{golang,
    title = {Cloud Native Programming with Golang: Develop microservice-based high performance web apps for the cloud with Go},
    author = {Mina Andrawos, Martin Helmich},
    %isbn = {978-1787125988},
    %series = {Addison-Wesley Professional Computing },
    year = {2017},
    publisher = {Packt Publishing},
    keywords = {golang}
}

@online{react,
    title = {What is React JS?},
    url  = {https://skillcrush.com/blog/what-is-react-js/#used},
    keywords = {react}
}
